<?xml version="1.0" encoding="UTF-8"?><collection xmlns="http://www.loc.gov/MARC21/slim"><record><leader>00675nam--2200193-i-4500</leader><controlfield tag="001">000017084</controlfield><controlfield tag="002">20161230</controlfield><controlfield tag="005">20170108232828</controlfield><controlfield tag="008">060222s1000------------r-----000-0-eng-d</controlfield><datafield ind1=" " ind2=" " tag="020"><subfield code="a">9971506548</subfield></datafield><datafield ind1=" " ind2=" " tag="040"><subfield code="a">IFIN-HH</subfield></datafield><datafield ind1=" " ind2=" " tag="080"><subfield code="a">539.12.01:524.83(061.3)</subfield></datafield><datafield ind1="1" ind2=" " tag="100"><subfield code="a">Altschuler, Daniel R</subfield></datafield><datafield ind1="1" ind2="0" tag="245"><subfield code="a">Cosmology and elementary particles</subfield><subfield code="b">Proceedings of the First Winter School of Physics. University of Puerto Rico, Rio Piedras, Puerto Rico, 16-25 March, 1988</subfield><subfield code="c">Daniel R. Altschuler, Jose F. Nieves (eds.)</subfield></datafield><datafield ind1=" " ind2=" " tag="260"><subfield code="a">Singapore</subfield><subfield code="b">World Scientific</subfield><subfield code="c">1989</subfield></datafield><datafield ind1=" " ind2=" " tag="300"><subfield code="a">VII+370 p</subfield></datafield><datafield ind1="1" ind2=" " tag="700"><subfield code="a">Nieves, Jose F</subfield><subfield code="e">Ed</subfield></datafield><datafield ind1=" " ind2=" " tag="852"><subfield code="a">79737</subfield><subfield code="c">539.12</subfield></datafield><datafield ind1=" " ind2=" " tag="CAT"><subfield code="a">SYS</subfield><subfield code="c">20170108</subfield><subfield code="h">232828</subfield></datafield></record></collection>